<?xml version="1.0" encoding="UTF-8" ?><marc:collection xmlns:marc="http://www.loc.gov/MARC21/slim" xmlns:xsi="http://www.w3.org/2001/XMLSchema-instance" xsi:schemaLocation="http://www.loc.gov/MARC21/slim http://www.loc.gov/standards/marcxml/schema/MARC21slim.xsd">
<marc:record><marc:leader>00997cam a2200205 a 4500</marc:leader>
<marc:controlfield tag="001">571856</marc:controlfield>
<marc:controlfield tag="005">20070613083616.0</marc:controlfield><marc:controlfield tag="008">790802s1976    wlkf    |    |1|| ||eng||</marc:controlfield><marc:datafield tag="015" ind1=" " ind2=" "><marc:subfield code="a">GB7709217</marc:subfield><marc:subfield code="2">bnb</marc:subfield></marc:datafield><marc:datafield tag="020" ind1=" " ind2=" "><marc:subfield code="a">0850883725</marc:subfield></marc:datafield><marc:datafield tag="035" ind1=" " ind2=" "><marc:subfield code="9">7915008447</marc:subfield></marc:datafield><marc:datafield tag="111" ind1="2" ind2=" "><marc:subfield code="a">David Jones Weekend School</marc:subfield><marc:subfield code="d">(1975 :</marc:subfield><marc:subfield code="c">Aberystwyth)</marc:subfield></marc:datafield><marc:datafield tag="245" ind1="0" ind2="0"><marc:subfield code="a">David Jones :</marc:subfield><marc:subfield code="b">eight essays on his work as writer and artist : being the first transactions of Yr Academi Gymreig (English Section) /</marc:subfield><marc:subfield code="c">edited by Roland Mathias.</marc:subfield></marc:datafield><marc:datafield tag="260" ind1=" " ind2=" "><marc:subfield code="a">Llandysul :</marc:subfield><marc:subfield code="b">Gomer Press,</marc:subfield><marc:subfield code="c">1976.</marc:subfield></marc:datafield><marc:datafield tag="300" ind1=" " ind2=" "><marc:subfield code="a">144p,[4]leaves of plates ;</marc:subfield><marc:subfield code="c">22cm.</marc:subfield></marc:datafield><marc:datafield tag="500" ind1=" " ind2=" "><marc:subfield code="a">'... substantially the papers that the respective contributors gave to the David Jones Weekend School at Aberystwyth early in September 1975 ... held under the auspices of the English Section of Yr Academi Gymreig ...' - Preface.</marc:subfield></marc:datafield><marc:datafield tag="500" ind1=" " ind2=" "><marc:subfield code="a">Bibliography: p.139-144.</marc:subfield></marc:datafield><marc:datafield tag="600" ind1="1" ind2="0"><marc:subfield code="a">Jones, David,</marc:subfield><marc:subfield code="d">1895-1974</marc:subfield><marc:subfield code="x">Criticism and interpretation.</marc:subfield></marc:datafield><marc:datafield tag="700" ind1="1" ind2=" "><marc:subfield code="a">Mathias, Roland.</marc:subfield></marc:datafield><marc:datafield tag="710" ind1="2" ind2=" "><marc:subfield code="a">Academi Gymreig.</marc:subfield><marc:subfield code="b">English Section.</marc:subfield></marc:datafield></marc:record>