
<marc:record><marc:leader>00572nam a2200157 a 4500</marc:leader>
<marc:controlfield tag="001">990708</marc:controlfield>
<marc:controlfield tag="008">841207s1979    enk     |    |||| ||eng||</marc:controlfield><marc:datafield tag="035" ind1=" " ind2=" "><marc:subfield code="9">8490143773</marc:subfield></marc:datafield><marc:datafield tag="100" ind1="1" ind2=" "><marc:subfield code="a">Hughes, Colin A.</marc:subfield></marc:datafield><marc:datafield tag="245" ind1="1" ind2="0"><marc:subfield code="a">David Jones :</marc:subfield><marc:subfield code="b">the man who was on the field : 'In parenthesis' as straight reporting /</marc:subfield><marc:subfield code="c">Colin Hughes.</marc:subfield></marc:datafield><marc:datafield tag="260" ind1=" " ind2=" "><marc:subfield code="a">Manchester :</marc:subfield><marc:subfield code="b">David Jones Society,</marc:subfield><marc:subfield code="c">1979.</marc:subfield></marc:datafield><marc:datafield tag="300" ind1=" " ind2=" "><marc:subfield code="a">32p ;</marc:subfield><marc:subfield code="c">22cm.</marc:subfield></marc:datafield><marc:datafield tag="600" ind1="1" ind2="0"><marc:subfield code="a">Jones, David,</marc:subfield><marc:subfield code="d">1895-1974.</marc:subfield><marc:subfield code="t">In parenthesis.</marc:subfield></marc:datafield><marc:datafield tag="650" ind1=" " ind2="0"><marc:subfield code="a">Somme, 1st Battle of the, France, 1916.</marc:subfield></marc:datafield><marc:datafield tag="650" ind1=" " ind2="0"><marc:subfield code="a">World War, 1914-1918</marc:subfield><marc:subfield code="x">Campaigns</marc:subfield><marc:subfield code="z">France.</marc:subfield></marc:datafield><marc:datafield tag="710" ind1="2" ind2=" "><marc:subfield code="a">David Jones Society.</marc:subfield></marc:datafield></marc:record>