
<marc:record><marc:leader>00481cam a2200169 a 4500</marc:leader>
<marc:controlfield tag="001">3783387</marc:controlfield>
<marc:controlfield tag="005">20060522171421.0</marc:controlfield><marc:controlfield tag="008">031109s1993    ohu           000 p eng d</marc:controlfield><marc:datafield tag="020" ind1=" " ind2=" "><marc:subfield code="a">0945112181 (pbk.)</marc:subfield></marc:datafield><marc:datafield tag="035" ind1=" " ind2=" "><marc:subfield code="a">(UkLCURL)e00000926700</marc:subfield></marc:datafield><marc:datafield tag="049" ind1=" " ind2=" "><marc:subfield code="j">CU</marc:subfield><marc:subfield code="l">e</marc:subfield><marc:subfield code="k">100000926700</marc:subfield></marc:datafield><marc:datafield tag="090" ind1=" " ind2=" "><marc:subfield code="a">UCL</marc:subfield><marc:subfield code="b">100000926700</marc:subfield></marc:datafield><marc:datafield tag="100" ind1="1" ind2=" "><marc:subfield code="a">Silliman, Ronald,</marc:subfield><marc:subfield code="d">1946-</marc:subfield></marc:datafield><marc:datafield tag="245" ind1="1" ind2="0"><marc:subfield code="a">Jones /</marc:subfield><marc:subfield code="c">Ron Silliman.</marc:subfield></marc:datafield><marc:datafield tag="260" ind1=" " ind2=" "><marc:subfield code="a">Mentor, OH :</marc:subfield><marc:subfield code="b">Generator Press,</marc:subfield><marc:subfield code="c">c1993.</marc:subfield></marc:datafield><marc:datafield tag="300" ind1=" " ind2=" "><marc:subfield code="a">27 p. ;</marc:subfield><marc:subfield code="c">22 cm.</marc:subfield></marc:datafield><marc:datafield tag="948" ind1="1" ind2=" "><marc:subfield code="a">20060516</marc:subfield><marc:subfield code="b">fmg24</marc:subfield><marc:subfield code="c">ULCAT-h</marc:subfield><marc:subfield code="d">c</marc:subfield></marc:datafield></marc:record>