
<marc:record><marc:leader>00363cam a2200145 a 4500</marc:leader>
<marc:controlfield tag="001">668318</marc:controlfield>
<marc:controlfield tag="005">20070921133543.0</marc:controlfield><marc:controlfield tag="008">841029s1984    enk     |    |||| ||eng||</marc:controlfield><marc:datafield tag="015" ind1=" " ind2=" "><marc:subfield code="a">GB8417017</marc:subfield><marc:subfield code="2">bnb</marc:subfield></marc:datafield><marc:datafield tag="020" ind1=" " ind2=" "><marc:subfield code="a">0460046608</marc:subfield></marc:datafield><marc:datafield tag="035" ind1=" " ind2=" "><marc:subfield code="9">8439002815</marc:subfield></marc:datafield><marc:datafield tag="100" ind1="1" ind2=" "><marc:subfield code="a">Humphreys, Emyr.</marc:subfield></marc:datafield><marc:datafield tag="245" ind1="1" ind2="0"><marc:subfield code="a">Jones :</marc:subfield><marc:subfield code="b">a novel /</marc:subfield><marc:subfield code="c">Emyr Humpreys.</marc:subfield></marc:datafield><marc:datafield tag="260" ind1=" " ind2=" "><marc:subfield code="a">London :</marc:subfield><marc:subfield code="b">Dent,</marc:subfield><marc:subfield code="c">1984.</marc:subfield></marc:datafield><marc:datafield tag="300" ind1=" " ind2=" "><marc:subfield code="a">138p 23 cm.</marc:subfield></marc:datafield></marc:record>
</marc:collection>
